@book{british2018bpcoal,
  title={BP Statistical Review of World Energy, Coal},
  author={British Petroleum Company},
  year={2018},
  publisher={British Petroleum Company}
}

@techreport{feenstra2005world,
  title={World trade flows: 1962-2000},
  author={Feenstra, Robert C and Lipsey, Robert E and Deng, Haiyan and Ma, Alyson C and Mo, Hengyong},
  year={2005},
  institution={National Bureau of Economic Research}
}

@article{coal2013DoE,
  title={South African coal sector report, Directorate: Energy data collection, management and analysis},
  author={Ratshomo, Keneilwe and Nembahe, Ramaano},
  year={2017},
  publisher={Department of Energy}
}

@article{holz2018peakcoal,
  title={What does “peak coal” mean for international coal exporters? A global modelling analysis on the future of the international steam coal market.},
  author={Holz, Franziska and Kafemann, Ivo Valentin and Sartor, Olivier and Scherwath, Tim and Spencer, Thomas},
  year={2018},
  publisher={IDDRI & Climate Strategies}
}


@article{ang2005lmdi,
  title={The LMDI approach to decomposition analysis: a practical guide},
  author={Ang, Beng W},
  journal={Energy policy},
  volume={33},
  number={7},
  pages={867--871},
  year={2005},
  publisher={Elsevier}
}


@article{burton2018coal,
  title={Coal transition in South Africa - Understanding the implications of a 2°C-compatible coal
phase-out for South Africa.},
  author={Burton, Jesse and Caetano, Tara and McCall, Bryce},
  year={2018}
  publisher={IDDRI & Climate Strategies}
}

@book{MineralsCouncil2010Facts,
  title={Facts and figures 2010},
  author={Minerals council South Africa},
  year={2011},
  publisher={Minerals council South Africa}
}

@book{MineralsCouncil2018Facts,
  title={Facts and figures 2017},
  author={Minerals council South Africa},
  year={2018},
  publisher={Minerals council South Africa}
}

@book{ChamberofMines2018Strategy,
  title={National coal strategy for South Africa 2018},
  author={Chamber of Mines of South Africa},
  year={2018},
  publisher={Chamber of Mines of South Africa}
}

@article{CPI2019SA,
  title={Assessing external transition risk for South Africa},
  author={CPI},
  journal={},
  volume={},
  number={},
  pages={},
  year={2019},
  publisher={}
}

@article{perrier2017transition,
  title={La transition {\'e}nerg{\'e}tique est-elle favorable aux branches {\`a} fort contenu en emploi? Une analyse input-output pour la France},
  author={Perrier, Quentin and Quirion, Philippe},
  journal={Revue d'{\'e}conomie politique},
  volume={127},
  number={5},
  pages={851--887},
  year={2017},
  publisher={Dalloz}
}


@book{QLFS018,
  title={Statistical release P0211, Quarterly Labour Force Survey, quarter 2},
  author={StatSA},
  year={2018},
  publisher={Statistics South Africa}
}


@book{QES2018,
  title={Statistical release P0277, Quarterly Employment Survey, quarter 2},
  author={StatSA},
  year={2018},
  publisher={Statistics South Africa}
}


@book{P4141_201808,
  title={Statistical release P4141, Electricity generated and available for distribution (preliminary)},
  author={StatSA},
  year={2018},
  publisher={Statistics South Africa}
}

@book{LandTransp2014,
  title={Statistical release P7162, Land transport survey (preliminary), June 2014},
  author={StatSA},
  year={2014},
  publisher={Statistics South Africa}
}

@book{P7000_2013,
  title={Statistical release P7000, Transport, post and telecommunication industry (preliminary)},
  author={StatSA},
  year={2013},
  publisher={Statistics South Africa}
}

@book{mining2015,
  title={Report No. 20-01-02, Mining industry},
  author={StatSA},
  year={2015},
  publisher={Statistics South Africa}
}

@book{P0441StatSA2018Q2,
  title={Statistical release P0441, Gross domestic product, Second quarter 2018},
  author={StatSA},
  year={2018},
  publisher={Statistics South Africa}
}

@book{IOT2014,
  title={Report No. 04-04-02, Input-output tables for South-Africa, 2013 and 2014},
  author={StatSA},
  year={2017},
  publisher={Statistics South Africa}
}


@book{Eskom2014AR,
  title={Integrated report},
  author={Eskom},
  year={2015},
  publisher={Eskom}
}


@book{Eskom2017AR,
  title={Integrated report},
  author={Eskom},
  year={2018},
  publisher={Eskom}
}


@article{inglesi2010forecasting,
  title={Forecasting electricity demand in South Africa: A critique of Eskom's projections},
  author={Inglesi, Roula and Pouris, Anastassios},
  journal={South African Journal of Science},
  volume={106},
  number={1-2},
  pages={50--53},
  year={2010},
  publisher={Academy of Science of South Africa}
}

@article{goliger2018electricity,
  title={The impact of rising electricity tariffs on large firms in South Africa},
  author={Goliger, Angelika and McMillan, Landon},
  journal={WIDER Working Paper 2018},
  volume={32},
  year={2018},
  publisher={United Nations University World Institute for Development Economics Research}
}

@techreport{goliger2018household,
  title={Household tipping points in the face of rising electricity tariffs in South Africa},
  author={Goliger, Angelika and Cassim, Aalia and others},
  year={2018},
  institution={World Institute for Development Economic Research (UNU-WIDER)}
}

@article{united2002isic,
  title={ISIC Rev 3.1},
  author={United Nations Statistical Commission and others},
  journal={International Standard Industrial Classification of All Economic Activities},
  year={2002}
}

@misc{board2017recommendations,
  title={Recommendations of the task force on climate-related financial disclosures},
  author={Board, FSB Financial Stability},
  year={2017}
}


